_
@misc{ wiki_snake,
   author = "Wikipedia",
   title = "Snake (Video Game)",
   year = "2014",
   url = "https://en.wikipedia.org/wiki/Snake_%28video_game%29",
   note = "[Online; Tilg√•et 8-Januar-2015]"
}


%
%
% EXAMPLES OF VARIOUS REFERENCES
%
%

@misc{ wiki:example,
   author = "Wikipedia",
   title = "LaTeX --- Wikipedia{,} The Free Encyclopedia",
   year = "2014",
   url = "http://en.wikipedia.org/w/index.php?title=LaTeX&oldid=413720397",
   note = "[Online; accessed 9-September-2014]"
}

@CONFERENCE{Augustsson2010,
  author = {P. Augustsson and R. Barnkob and C. Grenvall and T. Deierborg and
	P. Brundin and H. Bruus and T. Laurell},
  title = {Measuring the acoustophoretic contrast factor of living cells in
	microchannels},
  booktitle = {Proc. 14th MicroTAS, 3 - 7 October 2010, Groningen, The Netherlands},
  year = {2010},
  editor = {S. Verporte and H. Andersson and J. Emneus and N. Pamme},
  pages = {1337--39},
  publisher = {CBMS},
  timestamp = {2010.12.03}
}


@BOOK{Berthier2010,
  title = {Microfluidics for Biotechnology},
  publisher = {Artech House},
  year = {2010},
  author = {Jean Berthier and Pascal Silberzan},
  address = {Norwood MA},
  edition = {Second},
  owner = {bruus},
  timestamp = {2011.05.20}
}


@ARTICLE{Doinikov1997a,
  author = {Doinikov, A. A.},
  title = {Acoustic radiation force on a spherical particle in a viscous heat-conducting
	fluid .1. General formula},
  journal = {J Acoust Soc Am},
  year = {1997},
  volume = {101},
  pages = {713-721},
  number = {2},
  doi = {10.1121/1.418035},
  owner = {bruus},
  timestamp = {2012.01.08},
  unique-id = {{ISI:A1997WH32300008}}
}


@ARTICLE{Hammarstrom2010,
  author = {Hammarstrom, Bjorn and Evander, Mikael and Barbeau, Herve and Bruzelius,
	Mattias and Larsson, Jorgen and Laurell, Thomas and Nillsson, Johan},
  title = {Non-contact acoustic cell trapping in disposable glass capillaries},
  journal = {Lab Chip},
  year = {2010},
  volume = {10},
  pages = {2251-2257},
  number = {17},
  abstract = {Non-contact trapping using etc......},
  address = {THOMAS GRAHAM HOUSE, SCIENCE PARK, MILTON RD, CAMBRIDGE CB4 0WF,
	CAMBS, ENGLAND},
  affiliation = {Laurell, T (Reprint Author), Lund Univ, Div Nanobiotechnol, Dept Measurement
	Technol \& Ind Elect Engn, Lund, Sweden. {[}Hammarstrom, Bjorn; Barbeau,
	Herve; Bruzelius, Mattias; Larsson, Jorgen; Laurell, Thomas; Nillsson,
	Johan] Lund Univ, Div Nanobiotechnol, Dept Measurement Technol \&
	Ind Elect Engn, Lund, Sweden. {[}Evander, Mikael] Stanford Univ,
	Dept Elect Engn, Stanford, CA 94305 USA.},
  author-email = {thomas.laurell@elmat.lth.se},
  doc-delivery-number = {637JD},
  doi = {10.1039/c004504g},
  funding-acknowledgement = {Swedish Research Council {[}2007-4946]; Innovation for Future Health-Cell
	CARE ; Foundation for Strategic Research ; Crafoordstiftelsen ; Carl
	Trygger Foundation ; Royal Physiographic Society in Lund ; Knut \&
	Alice Wallenberg Foundation },
  funding-text = {The authors acknowledge the support from: The Swedish Research Council
	Project no: 2007-4946; Vinnova programme: Innovation for Future Health-Cell
	CARE, Foundation for Strategic Research, Crafoordstiftelsen, Carl
	Trygger Foundation, Royal Physiographic Society in Lund, and Knut
	\& Alice Wallenberg Foundation are greatly acknowledged for their
	financial support.},
  journal-iso = {Lab Chip},
  keywords-plus = {ULTRASONIC STANDING-WAVE; OPTICAL TWEEZERS; MANIPULATION; PARTICLES;
	CHIP; RESONANCES; BIOASSAYS; CHANNELS; TRAPS; FIELD},
  language = {English},
  number-of-cited-references = {31},
  owner = {ruba},
  publisher = {ROYAL SOC CHEMISTRY},
  subject-category = {Biochemical Research Methods; Chemistry, Multidisciplinary; Nanoscience
	\& Nanotechnology},
  times-cited = {0},
  timestamp = {2011.04.28},
  type = {Article}
}


@ARTICLE{Jonsson2004,
  author = {J\"{o}nsson, H and Holm, C and Nilsson, A and Petersson, F and Johnsson,
	P and Laurell, T},
  title = {Particle separation using ultrasound can radically reduce embolic
	load to brain after cardiac surgery},
  journal = {Annals of Thoracic Surgery},
  year = {2004},
  volume = {78},
  pages = {1572-1578},
  number = {5},
  address = {360 PARK AVE SOUTH, NEW YORK, NY 10010-1710 USA},
  affiliation = {Jonsson, H (Reprint Author), Univ Lund Hosp, Dept Cardiothorac Surg,
	Ctr Heart \& Lung Dis, SE-22185 Lund, Sweden. Univ Lund Hosp, Dept
	Cardiothorac Surg, Ctr Heart \& Lung Dis, SE-22185 Lund, Sweden.
	Lund Univ, Ctr Biomed, Dept Cell \& Mol Biol, Sect Mol Signaling,
	SE-22185 Lund, Sweden. Lund Inst Technol, Dept Elect Measurements,
	Lund, Sweden.},
  author-email = {henrik.jonsson@thorax.lu.se},
  doc-delivery-number = {868YY},
  doi = {10.1016/j.athoracsur.2004.04.071},
  journal-iso = {Ann. Thorac. Surg.},
  keywords-plus = {CORONARY-ARTERY-BYPASS; CARDIOPULMONARY BYPASS; SUSPENDED PARTICLES;
	MICROEMBOLI; BLOOD; DYSFUNCTION; FILTER},
  language = {English},
  number-of-cited-references = {25},
  owner = {bruus},
  publisher = {ELSEVIER SCIENCE INC},
  subject-category = {Cardiac \& Cardiovascular Systems; Respiratory System; Surgery},
  times-cited = {17},
  timestamp = {2010.12.15},
  type = {Article},
  unique-id = {ISI:000224950400010}
}

@BOOK{Jackson1975,
  title = {Classical Electrodynamics},
  publisher = {Wiley and Sons},
  year = {1975},
  author = {John David Jackson},
  address = {New York NY},
  edition = {Second},
  owner = {bruus},
  timestamp = {2011.05.20}
}


@BOOK{Karniadakis2005,
  title = {Microflows and Nanoflows: Fundamentals and Simulation},
  publisher = {Springer Science+Business Media, Inc.},
  year = {2005},
  author = {George Karniadakis and Ali Beskok and Narayan Aluru},
  address = {New York NY},
  owner = {bruus},
  timestamp = {2011.05.20}
}

@ARTICLE{King1934,
  author = {Louis V. King},
  title = {On the Acoustic Radiation Pressure on Spheres},
  journal = {P Roy Soc Lond A Mat},
  year = {1934},
  volume = {147},
  pages = {212--240},
  number = {861},
  timestamp = {2010.12.02}
}

@BOOK{Kirby2010,
  title = {Micro- and Nanoscale Fluid Mechanics: Transport in Microfluidic Devices},
  publisher = {Cambridge University Press},
  year = {2010},
  author = {Brian Kirby},
  address = {New York},
  owner = {bruus},
  timestamp = {2011.05.20}
}